@article{FA,
	Author={TEXEIRA, Ana Tereza Jacinto},
	Title={A comunicação e o relacionamento da família atual em virtude dos novos tempos.},
	Url={http://legacy.unifacef.com.br/rec/ed01/ed01_art01.pdf},
	Urlaccessdate={15 abr. 2015},
	Year={2006}
}

@misc{CBL,
	Subtitle={Site},
	Title={About CBL},
	Author={Apple},
	Url={https://www.challengebasedlearning.org/pages/about-cbl},
	Urlaccessdate={15 abr. 2015},
	Year={2015}
}

@article{UVG,
	Author={ALMEIDA, M; BAX, M.},
	Title={Uma visão geral sobre ontologias: pesquisa sobre definições, tipos, aplicações, métodos de avaliação e de construção.},
	Url={http://revista.fmrp.usp.br/2007/vol40n3/2_programas_qualidade_atendimento_trauma.pdf},
	Urlaccessdate={2 abr. 2015},
	Year={2003}
}

@book{TSW,
	Author={BERNERS-LEE, T},
	Title={The Semantic Web},
	Publisher={Scientific American},
	Address={USA},
	Year={2001}	
}

@article{moodle,
	Author={MOODLE},
	Title={History of Moodle.},
	Url={https://docs.moodle.org/dev/index.php?title=Releases&action=history},
	Urlaccessdate={8 abr. 2015},
	Year={2015}
}
@article{ontologia,
	Author={Norazah Yusof},
	Title={Ontology Development of e-Learning Moodle for Social Learning Network Analysis},
	Url={http://waset.org/publications/3300/ontology-development-of-e-learning-moodle-for-social-learning-network-analysis},
	Urlaccessdate={16 abr. 2015},
	Year={2013}
}


@book{BK,
	Author={BREITMAN,KARIN},
	Title={Web Semântica: a internet do Futuro},
	Publisher={Editora LTC },
	Address={Brasil},
	Year={2005}	
}

